% Encoding: UTF-8

@Article{Deci1981,
  author    = {Edward L. Deci and Gregory Betley and James Kahle and Linda Abrams and Joseph Porac},
  title     = {When Trying to Win},
  journal   = {Personality and Social Psychology Bulletin},
  year      = {1981},
  volume    = {7},
  number    = {1},
  pages     = {79--83},
  month     = {mar},
  doi       = {10.1177/014616728171012},
  publisher = {{SAGE} Publications},
}

@Comment{jabref-meta: databaseType:bibtex;}
