% Encoding: UTF-8

@Article{Deci1981,
  author    = {Edward L. Deci and Gregory Betley and James Kahle and Linda Abrams and Joseph Porac},
  title     = {When Trying to Win},
  journal   = {Personality and Social Psychology Bulletin},
  year      = {1981},
  volume    = {7},
  number    = {1},
  pages     = {79--83},
  month     = {mar},
  doi       = {10.1177/014616728171012},
  publisher = {{SAGE} Publications},
}

@InProceedings{Hamari2014,
  author    = {Juho Hamari and Jonna Koivisto and Harri Sarsa},
  title     = {Does Gamification Work? -- A Literature Review of Empirical Studies on Gamification},
  booktitle = {2014 47th Hawaii International Conference on System Sciences},
  year      = {2014},
  month     = {jan},
  publisher = {{IEEE}},
  doi       = {10.1109/hicss.2014.377},
}

@Article{Sailer2017,
  author    = {Michael Sailer and Jan Ulrich Hense and Sarah Katharina Mayr and Heinz Mandl},
  title     = {How gamification motivates: An experimental study of the effects of specific game design elements on psychological need satisfaction},
  journal   = {Computers in Human Behavior},
  year      = {2017},
  volume    = {69},
  pages     = {371--380},
  month     = {apr},
  doi       = {10.1016/j.chb.2016.12.033},
  publisher = {Elsevier {BV}},
}

@Article{nacke2012flow,
  author  = {Nacke, Lennart E},
  title   = {Flow in games: Proposing a flow experience model},
  journal = {Fun and Games},
  year    = {2012},
}

@Article{Buckley2018,
  author    = {Jim Buckley and Tabea DeWille and Chris Exton and Geraldine Exton and Liam Murray},
  title     = {A Gamification{\textendash}Motivation Design Framework for Educational Software Developers},
  journal   = {Journal of Educational Technology Systems},
  year      = {2018},
  volume    = {47},
  number    = {1},
  pages     = {101--127},
  month     = {jun},
  doi       = {10.1177/0047239518783153},
  publisher = {{SAGE} Publications},
}

@InProceedings{Lamprinou2015,
  author    = {Dimitra Lamprinou and Fotini Paraskeva},
  title     = {Gamification design framework based on {SDT} for student motivation},
  booktitle = {2015 International Conference on Interactive Mobile Communication Technologies and Learning ({IMCL})},
  year      = {2015},
  month     = {nov},
  publisher = {{IEEE}},
  doi       = {10.1109/imctl.2015.7359631},
}

@Comment{jabref-meta: databaseType:bibtex;}

@inproceedings{deterding2011game,
  title={From game design elements to gamefulness: defining gamification},
  author={Deterding, Sebastian and Dixon, Dan and Khaled, Rilla and Nacke, Lennart},
  booktitle={Proceedings of the 15th international academic MindTrek conference: Envisioning future media environments},
  pages={9--15},
  year={2011},
  organization={ACM}
}
@article{rosa2006wettbewerb,
  title={Wettbewerb als Interaktionsmodus},
  author={Rosa, Hartmut},
  journal={Leviathan},
  volume={34},
  number={1},
  pages={82--104},
  year={2006},
  publisher={Springer}
}